@inproceedings{byrka2010improved,
  title={An improved LP-based approximation for Steiner tree},
  author={Byrka, Jaroslaw and Grandoni, Fabrizio and Rothvo{\ss}, Thomas and Sanita, Laura},
  booktitle={Proceedings of the forty-second ACM symposium on Theory of computing},
  pages={583--592},
  year={2010}
}

@article{megiddo1984linear,
  title={Linear programming in linear time when the dimension is fixed},
  author={Megiddo, Nimrod},
  journal={Journal of the ACM (JACM)},
  volume={31},
  number={1},
  pages={114--127},
  year={1984},
  publisher={ACM New York, NY, USA}
}