@inproceedings{byrka2010improved,
  title={An improved LP-based approximation for Steiner tree},
  author={Byrka, Jaroslaw and Grandoni, Fabrizio and Rothvo{\ss}, Thomas and Sanita, Laura},
  booktitle={Proceedings of the forty-second ACM symposium on Theory of computing},
  pages={583--592},
  year={2010}
}